
@inproceedings{fga,
author = {Javadi, Giti and Aminian, Ehsan},
title = {A New Method for Tuning Mutation and Crossover Rate in Genetic Algorithm},
year = {2017},
isbn = {9781450348171},
publisher = {Association for Computing Machinery},
address = {New York, NY, USA},
url = {https://doi.org/10.1145/3055635.3056622},
doi = {10.1145/3055635.3056622},
booktitle = {Proceedings of the 9th International Conference on Machine Learning and Computing},
pages = {217–220},
numpages = {4},
}


@Article{m-c,
AUTHOR = {Hassanat, Ahmad and Almohammadi, Khalid and Alkafaween, Esra’a and Abunawas, Eman and Hammouri, Awni and Prasath, V. B. Surya},
TITLE = {Choosing Mutation and Crossover Ratios for Genetic Algorithms—A Review with a New Dynamic Approach},
JOURNAL = {Information},
VOLUME = {10},
YEAR = {2019},
NUMBER = {12},
ARTICLE-NUMBER = {390},
URL = {https://www.mdpi.com/2078-2489/10/12/390},
ISSN = {2078-2489}
DOI = {10.3390/info10120390}
}

@article{tsp,
title = {An efficient genetic algorithm for multi-objective solid travelling salesman problem under fuzziness},
journal = {Swarm and Evolutionary Computation},
volume = {15},
pages = {27-37},
year = {2014},
issn = {2210-6502},
doi = {https://doi.org/10.1016/j.swevo.2013.11.001},
}

@article{ga,
author = {Holland, J.H.},
title = {Adaptation in Natural and Artificial Systems: An Introductory Analysis with Applications to Biology,
Control, and Artificial Intelligence},
year = {1975},
address = {MIT Press: Cambridge, MA, USA},
}


@article{GHANNAMI2021114525,
title = {Stratified opposition-based initialization for variable-length chromosome shortest path problem evolutionary algorithms},
journal = {Expert Systems with Applications},
volume = {170},
pages = {114525},
year = {2021},
issn = {0957-4174},
doi = {https://doi.org/10.1016/j.eswa.2020.114525},
url = {https://www.sciencedirect.com/science/article/pii/S0957417420311696},
author = {Aiman Ghannami and Jing Li and Ammar Hawbani and Ahmed Al-Dubai},
}